% Encoding: UTF-8


@Article{ChenChanGuoEtAl2013,
  Title                    = {{{A} review of lower extremity assistive robotic exoskeletons in rehabilitation therapy}},
  Author                   = {Chen, G. and Chan, C. K. and Guo, Z. and Yu, H.},
  Journal                  = {Crit Rev Biomed Eng},
  Year                     = {2013},
  Number                   = {4-5},
  Pages                    = {343--363},
  Volume                   = {41}
}


